@article{Conrad-etal2011ijrs,
author = {C. Conrad  and  R.R.  Colditz  and  S.  Dech  and  D. Klein  and  P.L.G.   Vlek},
title = {Temporal segmentation of {MODIS} time series for improving crop classification in {C}entral {A}sian irrigation systems},
journal = {International Journal of Remote Sensing},
volume = {32},
number = {23},
pages = {8763-8778},
year  = {2011}
}

@Manual{R2017,
title = {R: A Language and Environment for Statistical Computing},
author = {{R Core Team}},
organization = {R Foundation for Statistical Computing},
address = {Vienna, Austria},
year = {2017},
url = {https://www.R-project.org/},
}

 @Manual{Kuhn-etal2018,
    title = {caret: Classification and Regression Training},
    author = {Max Kuhn and Jed Wing and Steve Weston and Andre Williams and Chris Keefer and Allan Engelhardt and Tony Cooper and Zachary Mayer and Brenton Kenkel and the R Core Team and Michael Benesty and Reynald Lescarbeau and Andrew Ziem and Luca Scrucca and Yuan Tang and Can Candan and Tyler Hunt.},
    year = {2018},
    note = {R package version 6.0-81},
    url = {https://CRAN.R-project.org/package=caret},
  }

@book{KuhnJohnson2013apm,
    address = {New York, Heidelberg, Dordrecht, London},
    author = {Kuhn, Max and Johnson, Kjell},
    keywords = {modelling, prediction, r},
    publisher = {Springer},
    title = {Applied Predictive Modeling},
    year = {2013}
}  
  
@article{BelgiuDragut2016jprs,
  title={Random forest in remote sensing: A review of applications and future directions},
  author={Belgiu, Mariana and Dr{\u{a}}gu{\c{t}}, Lucian},
  journal={ISPRS Journal of Photogrammetry and Remote Sensing},
  volume={114},
  pages={24--31},
  year={2016},
  publisher={Elsevier}
}


@ARTICLE{Breiman2001ml,
  author = {Breiman, Leo},
  title = {Random Forests},
  journal = {Machine Learning},
  year = {2001},
  volume = {45},
  pages = {5--32}
	}



@Article{MonteroVilar2014jss,
title = {{TSclust}: An {R} Package for Time Series Clustering},
author = {Pablo Montero and Jos{\'e} A. Vilar},
    journal = {Journal of Statistical Software},
    year = {2014},
    volume = {62},
    number = {1},
    pages = {1--43},
    url = {http://www.jstatsoft.org/v62/i01/},
  }

@InCollection{Brenning2008rsaga,
    author = {Alexander Brenning},
    title = {Statistical geocomputing combining R and SAGA: The example of landslide susceptibility analysis with generalized additive models},
    booktitle = {SAGA -- Seconds Out (= Hamburger Beitraege zur Physischen Geographie und Landschaftsoekologie, vol. 19)},
    publisher = {J. Boehner, T. Blaschke, L. Montanarella},
    year = {2008},
    pages = {23--32},
  }
  
@Article{Conrad-etal2015gmd,
AUTHOR = {Conrad, O. and Bechtel, B. and Bock, M. and Dietrich, H. and Fischer, E. and Gerlitz, L. and Wehberg, J. and Wichmann, V. and B\"ohner, J.},
TITLE = {System for Automated Geoscientific Analyses (SAGA) v. 2.1.4},
JOURNAL = {Geoscientific Model Development},
VOLUME = {8},
YEAR = {2015},
NUMBER = {7},
PAGES = {1991--2007},
URL = {https://www.geosci-model-dev.net/8/1991/2015/},
DOI = {10.5194/gmd-8-1991-2015}
}